@misc{WEB:Ximea,
  author = {Ximea},
  title = {xiQ - USB3 Vision Cameras},
  year = {2017},
  url = {URL{https://www.ximea.com/usb3-vision-camera?gclid=CjwKEAiArbrFBRDL4Oiz97GP2nISJAAmJMFaYEWZbBgJvmJx1l33XfUFm0z5zMODdfvd1i8__NAv9BoCthTw_wcB}},
  note = "[Web; accedido el 23-feb-2017]"
}

@misc{WEB:CocheOBD,
  author = {CocheOBD},
  title = {CocheOBD2.es},
  year = {2017},
  url = {URL{http://www.cocheobd2.es/wholesale/vag-can-bus-ids-kline-scanner.html}},
  note = "[Web; accedido el 25-feb-2017]"
}

@misc{WEB:NatInstruments,
  author = {National Instruments},
  title = {National Instruments - C{\'a}maras IEEE 1394},
  year = {2009},
  url = {URL{http://sine.ni.com/nips/cds/view/p/lang/es/nid/204084}},
  note = "[Web; accedido el 25-feb-2017]"
}

@misc{WEB:IEEE1394,
  author = {National Instruments},
  title = {Machine Vision Cameras for IEEE 1394},
  year = {2009},
  url = {URL{http://www.ni.com/pdf/products/us/cat_basler_ieee1394.pdf}},
  note = "[Web; accedido el 25-feb-2017]"
}

@misc{WEB:SoCFPGA,
  author = {Digi Key Electronics},
  title = {Digi Key Electronics - Products},
  year = {1995-2017},
  url = {URL{http://www.digikey.com/product-detail/es/xilinx-inc/XC7Z015-1CLG485C/122-1905-ND/4581672}},
  note = "[Web; accedido el 25-feb-2017]"
}

@manual{WEB:Metrica3,
  author = {Universidad Carlos III de Madrid},
  title = {Revisión de M{\'e}trica Versión 3},
  institution = {Universidad Carlos III de Madrid, EPS},
  note = {Versi{\'o}n subida en www.aulaglobal.uc3m.es}
}

@inproceedings{IMPRO:IEEE830,
  title={Ieee recommended practice for software requirements specifications},
  author={IEEE Computer Society. Software Engineering Standards Committee and IEEE-SA Standards Board},
  year={1998},
  organization={Institute of Electrical and Electronics Engineers}
}

@article{ART:CraigLarman,
  title={Desarrollo orientado a objetos con UML},
  author={Grau, Xavier Ferr{\'e} and Segura, Mar{\'\i}a Isabel S{\'a}nchez},
  journal={Facultad de Inform{\'a}tica - UPM; Escuela Polit{\'e}cnica Superior - UC3M},
  volume={1},
  year={2008}
}
